@article{data,
 author = {Tianxiao Liu},
 title = {Introduction au Cours de GÃ©nie Logiciel et Projet},
 year = {2025},
 pages = {1--10},
 publisher = {Tianxiao Liu},
 address = {Cergy, France}
}

